% Encoding: UTF-8

@Article{Labuz2018,
  author    = {Joseph F. Labuz and Feitao Zeng and Roman Makhnenko and Yuan Li},
  journal   = {Journal of Structural Geology},
  title     = {Brittle failure of rock: A review and general linear criterion},
  year      = {2018},
  month     = {jul},
  pages     = {7--28},
  volume    = {112},
  doi       = {10.1016/j.jsg.2018.04.007},
  publisher = {Elsevier {BV}},
}

@Book{Jaeger1979,
  author    = {Jaeger, C. J. and Cook, N. G. W},
  publisher = {Chapman and Hall},
  title     = {Fundamentals of Rock Mechanics, 3rd edition},
  year      = {1979},
}

@Article{Hoek1980,
  author  = {Hoek, E. and Brown, E. T. and Vol, E.},
  journal = {Journal of the Geotechnical Engineering Division, ASCE.},
  title   = {Empirical strength criterion for rock masses},
  year    = {1980},
  pages   = {1013--1015},
  volume  = {106},
}

@Article{Labuz1996,
  author    = {J.F. Labuz and S.-T. Dai and E. Papamichos},
  journal   = {International Journal of Rock Mechanics and Mining Sciences {\&} Geomechanics Abstracts},
  title     = {Plane-strain compression of rock-like materials},
  year      = {1996},
  month     = {sep},
  number    = {6},
  pages     = {573--584},
  volume    = {33},
  doi       = {10.1016/0148-9062(96)00012-5},
  publisher = {Elsevier {BV}},
}

@Article{Zeng2019,
  author    = {Feitao Zeng and Brian L. Folta and Joseph F. Labuz},
  journal   = {Geotechnical and Geological Engineering},
  title     = {Strength Testing of Sandstone Under Multi-Axial Stress States},
  year      = {2019},
  month     = {may},
  number    = {6},
  pages     = {4803--4814},
  volume    = {37},
  doi       = {10.1007/s10706-019-00939-5},
  publisher = {Springer Science and Business Media {LLC}},
}

@Article{Makhnenko2013,
  author    = {Roman Makhnenko and Joseph Labuz},
  journal   = {Rock Mechanics and Rock Engineering},
  title     = {Plane Strain Testing with Passive Restraint},
  year      = {2013},
  month     = {nov},
  number    = {6},
  pages     = {2021--2029},
  volume    = {47},
  doi       = {10.1007/s00603-013-0508-2},
  publisher = {Springer Science and Business Media {LLC}},
}

@Article{Paul1968,
  author  = {Paul, B.},
  journal = {International Journal of Solids and Structures},
  title   = {Generalized pyramidal fracture and yield criteria},
  year    = {1968},
  pages   = {175--196},
  volume  = {4},
  comment = {[author_tag]([year_tag]). Generalized pyramidal fracture and yield criteria, International Journal of Solids and Structures, Vol. [pages_tag] (2), p. 175-196},
}

@Article{Meyer2013,
  author    = {James P. Meyer and Joseph F. Labuz},
  journal   = {International Journal of Rock Mechanics and Mining Sciences},
  title     = {Linear failure criteria with three principal stresses},
  year      = {2013},
  month     = {jun},
  pages     = {180--187},
  volume    = {60},
  doi       = {10.1016/j.ijrmms.2012.12.040},
  publisher = {Elsevier {BV}},
}

@MastersThesis{Folta2016,
  author = {Folta, Brian},
  school = {Department of Civil, Environmental and Geo-Engineering, University of Minnesota},
  title  = {Strength testing under multi-axial stress states},
  year   = {2016},
  url    = {http://hdl.handle.net/11299/182131},
}

@PhdThesis{Tarokh2016,
  author = {Tarokh, Ali},
  school = {Department of Civil, Environmental and Geo-Engineering, University of Minnesota},
  title  = {Poro-elastic response of saturated rock.},
  year   = {2016},
  note   = {p.71},
  type   = {phdthesis},
}

@Misc{Ostrom1966,
  author    = {Ostrom, Meredith},
  title     = {Cambrian Stratigraphy in Western Wisconsin},
  year      = {1966},
  journal   = {Information circular Number 7, Wisconsin Geological and Natural History Survey},
  timestamp = {2019-12-12},
  url       = {https://wgnhs.wisc.edu/pubs/download_ic07/},
}

@Article{ISRM2015,
  author  = {R. Ulusay},
  journal = {ISRM},
  title   = {The ISRM Suggested Methods for Rock Characterization, Testing and Monitoring: 2007-2014},
  year    = {2015},
  comment = {ISRM. ([year_tag]). The ISRM Suggested Methods for Rock Characterization, Testing and Monitoring: [pages_tag], [author_tag](Ed. ).},
}

@Article{ASTM2019,
  title     = {Practices for Preparing Rock Core as Cylindrical Test Specimens and Verifying Conformance to Dimensional and Shape Tolerances},
  year      = {2019},
  doi       = {10.1520/d4543-19},
  publisher = {{ASTM} International},
}

@Article{Franklin1970,
  author   = {Franklin, J.A. and Hoek, E.},
  journal  = {Rock mechanics},
  title    = {Developments in triaxial testing technique},
  pages    = {223â€“228},
  volume   = {2 (4)},
  date     = {1970},
  language = {cs},
}


@Article{Benz2008,
  author    = {Thomas Benz and Radu Schwab},
  title     = {A quantitative comparison of six rock failure criteria},
  journal   = {International Journal of Rock Mechanics and Mining Sciences},
  year      = {2008},
  volume    = {45},
  number    = {7},
  month     = {oct},
  pages     = {1176--1186},
  doi       = {https://doi.org/10.1016/j.ijrmms.2008.01.007},
  publisher = {Elsevier {BV}},
}


@Comment{jabref-meta: databaseType:bibtex;}
